@book{bluebrown,
    title={Essence of Linear Algebra},
    url={https://www.youtube.com/watch?v=kjBOesZCoqc&list=PLZHQObOWTQDPD3MizzM2xVFitgF8hE\_ab}
    note={3Blue1Brown's linear algebra videos are very good if you want to learn linear algebra.}
}

@misc{khanacademy,
   title={Multivariable Calculus},
   url={https://www.khanacademy.org/math/calculus-home/multivariable-calculus},
   note={Khan Academy's multivariable calculus series is very good if you want to start learning multivariable calculus.}
}

@misc{passcalculus,
    url={passcalculus.com},
    title={Limits of Functions},
    url={https://www.youtube.com/watch?v=trAmOJ8pHNc},
    note={These are good for extra practice problems and another explanation of how limits work. An eleven video series.}
}

@book{mitocw,
    title={MIT OCW Single Variable Calculus},
    url={https://ocw.mit.edu/courses/mathematics/18-01sc-single-variable-calculus-fall-2010/},
    note={MIT OCW's online courses are very good. The Calculus I course includes the lectures and (if you have the textbook) all the necessary materials to get going.}
}

@book{paulmath,
    author={Prof. Paul Dawkins},
    title={Calculus I, II, III},
    url={http://tutorial.math.lamar.edu/},
    note={Paul's Online Notes have notes on algebra, precalculus, calculus I, calculus II, and calculus III, as well as practice problems.}
}

@book{apostoli,
    author={Apostol},
    title={Calculus, Vol. 1 - Single Variable Calculus and Linear Algebra},
}

@book{apostolii,
    author={Apostol},
    title={Calculus, Vol. 2 - Multivariable Calculus},
}

@book{spivak,
    author={Spivak},
    title={Calculus, 10th Edition},
}

@book{cartoon,
    author={Larry Gonick},
    title={The Cartoon Guide to Calculus}
}

